@misc{r,
  author       = {{The R Foundation}},
  title        = {{The R Project for Statistical Computing}},
  howpublished = {\url{https://www.r-project.org/}},
  year         = {2020}
}

@misc{gutenberg,
  author       = {{David Robinson}},
  title        = {{Gutenbergr V0.1.5}},
  howpublished = {\url{https://www.rdocumentation.org/packages/gutenbergr}},
    year         = {2020}
}

@misc{tidytext,
  author       = {{Gabriela De Queiroz, Colin Fay ORCID, Emil Hvitfeldt, Os Keyes ORCID , Kanishka Misra, Tim Mastny , Jeff Erickson, David Robinson, Julia Silge ORCID }},
  title        = {{Tidytext V0.2.5}},
  howpublished = {\url{https://cran.r-project.org/web/packages/tidytext/index.html}},
  year         = {2020}
}

@misc{dplyr,
  author       = {{Hadley Wickham ORCID, Romain François ORCID, Lionel Henry, Kirill Müller ORCID, RStudio}},
  title        = {{Dplyr V1.0.2}},
  howpublished = {\url{https://cran.r-project.org/web/packages/dplyr/index.html}},
  year         = {2020}
}

@misc{The_King_in_Yellow,
  author       = {{Robert W. Chambers}},
  title        = {{The King in Yellow}},
  howpublished = {\url{http://www.gutenberg.org/ebooks/8492}},
  year         = {2005}
}
@misc{Visual_studio_code,
  author       = {{Microsoft}},
  title        = {{Visual Studio Code - Code Editing}},
  howpublished = {\url{https://code.visualstudio.com/}},
   year         = {2020}
}