
@online{INEGI,
    author = "INEGI",
    title = "Agricultura, ganader√≠a y pesca",
    url  = "https://www.inegi.org.mx/contenidos/programas/ena/2017/tabulados/ena17_agri01.xlsx",
    keywords = "INEGI,Agricultura"
}
@online{LR,
    author = "R.org",
    title = "R",
    url  = "https://www.r-project.org/",
    keywords = "R"
}
@online{VS-code,
    author = "Visual Studio",
    title = "Visual Studio Code",
    url  = "https://code.visualstudio.com/",
    keywords = "VS-code"
}